<record><leader>00000cas a22000007a 4500</leader><controlfield tag="001">36491753</controlfield><controlfield tag="008">970305d1926192utxudr ne      0    0eng d</controlfield><datafield ind1=" " ind2=" " tag="010"><subfield code="a">sn 97065907 </subfield></datafield><datafield ind1=" " ind2=" " tag="040"><subfield code="a">PPM</subfield><subfield code="b">eng</subfield><subfield code="c">PPM</subfield><subfield code="d">OCLCQ</subfield><subfield code="d">IUL</subfield><subfield code="d">OCLCO</subfield><subfield code="d">OCLCF</subfield></datafield><datafield ind1=" " ind2=" " tag="042"><subfield code="a">msc</subfield></datafield><datafield ind1=" " ind2=" " tag="043"><subfield code="a">n-us-tx</subfield></datafield><datafield ind1=" " ind2="4" tag="050"><subfield code="a">AP2</subfield><subfield code="b">.L374</subfield></datafield><datafield ind1="0" ind2=" " tag="130"><subfield code="a">Laredo daily times (Laredo, Tex. : 1926)</subfield></datafield><datafield ind1="1" ind2="4" tag="245"><subfield code="a">The Laredo daily times.</subfield></datafield><datafield ind1=" " ind2=" " tag="260"><subfield code="a">Laredo, Tex. :</subfield><subfield code="b">Laredo Daily Times, Inc.</subfield></datafield><datafield ind1=" " ind2=" " tag="300"><subfield code="a">v.</subfield></datafield><datafield ind1=" " ind2=" " tag="310"><subfield code="a">Daily</subfield></datafield><datafield ind1="0" ind2=" " tag="362"><subfield code="a">46th Year, no. 16 (July 1, 1926)-</subfield></datafield><datafield ind1=" " ind2="0" tag="651"><subfield code="a">Laredo (Tex.)</subfield><subfield code="v">Newspapers.</subfield></datafield><datafield ind1=" " ind2="0" tag="650"><subfield code="a">Mexican Americans</subfield><subfield code="v">Newspapers.</subfield></datafield><datafield ind1=" " ind2="7" tag="655"><subfield code="a">Newspapers.</subfield><subfield code="2">fast</subfield><subfield code="0">(OCoLC)fst01423814</subfield></datafield><datafield ind1=" " ind2="7" tag="650"><subfield code="a">Mexican Americans.</subfield><subfield code="2">fast</subfield><subfield code="0">(OCoLC)fst01019072</subfield></datafield><datafield ind1=" " ind2="7" tag="651"><subfield code="a">Texas</subfield><subfield code="z">Laredo.</subfield><subfield code="2">fast</subfield><subfield code="0">(OCoLC)fst01217217</subfield></datafield><datafield ind1=" " ind2=" " tag="752"><subfield code="a">United States</subfield><subfield code="b">Texas</subfield><subfield code="c">Webb</subfield><subfield code="d">Laredo.</subfield></datafield><datafield ind1="0" ind2=" " tag="775"><subfield code="t">Laredo weekly times</subfield><subfield code="w">(DLC)sn 86089566</subfield><subfield code="w">(OCoLC)14393537</subfield></datafield><datafield ind1="0" ind2="0" tag="780"><subfield code="t">Laredo times (Laredo, Tex. : 1921)</subfield><subfield code="w">(DLC)sn 88083598</subfield><subfield code="w">(OCoLC)18025013</subfield></datafield><datafield ind1="0" ind2="0" tag="785"><subfield code="t">Laredo times</subfield><subfield code="w">(DLC)sn 86089568</subfield><subfield code="w">(OCoLC)14393578</subfield></datafield></record>